<record><leader>00000cas a22000007a 4500</leader><controlfield tag="001">40197246</controlfield><controlfield tag="008">981030c19889999cauwr ne      0   a0eng d</controlfield><datafield ind1=" " ind2=" " tag="010"><subfield code="a">sn 98061340 </subfield></datafield><datafield ind1=" " ind2=" " tag="040"><subfield code="a">CNK</subfield><subfield code="b">eng</subfield><subfield code="c">CNK</subfield><subfield code="d">OCLCQ</subfield><subfield code="d">NSD</subfield><subfield code="d">OCLCQ</subfield><subfield code="d">OCLCF</subfield><subfield code="d">OCLCO</subfield></datafield><datafield ind1=" " ind2=" " tag="012"><subfield code="m">1</subfield></datafield><datafield ind1="1" ind2=" " tag="022"><subfield code="a">1930-9252</subfield><subfield code="l">1930-9252</subfield><subfield code="2">1</subfield></datafield><datafield ind1="1" ind2=" " tag="029"><subfield code="a">AU@</subfield><subfield code="b">000022301406</subfield></datafield><datafield ind1=" " ind2=" " tag="032"><subfield code="a">023331</subfield><subfield code="b">USPS</subfield></datafield><datafield ind1=" " ind2=" " tag="042"><subfield code="a">msc</subfield><subfield code="a">nsdp</subfield></datafield><datafield ind1=" " ind2=" " tag="043"><subfield code="a">n-us-ca</subfield></datafield><datafield ind1="1" ind2="0" tag="050"><subfield code="a">ISSN RECORD</subfield></datafield><datafield ind1="0" ind2=" " tag="130"><subfield code="a">Gardena Valley news (Gardena, Calif. : 1988)</subfield></datafield><datafield ind1=" " ind2="0" tag="222"><subfield code="a">Gardena Valley news</subfield><subfield code="b">(Gardena, Calif. 1988)</subfield></datafield><datafield ind1="1" ind2="0" tag="245"><subfield code="a">Gardena Valley news.</subfield></datafield><datafield ind1="1" ind2=" " tag="246"><subfield code="i">Published as:</subfield><subfield code="a">Gardena Valley news and Carson chronicle</subfield><subfield code="f">Oct. 21, 1993-Sept. 1, 1994</subfield></datafield><datafield ind1="1" ind2="3" tag="246"><subfield code="a">Carson chronicle and Gardena Valley news</subfield><subfield code="f">Oct. 21, 1993</subfield></datafield><datafield ind1="1" ind2="7" tag="246"><subfield code="a">Gardena Valley news/Carson chronicle</subfield><subfield code="f">Oct. 21, 1993-Sept. 1, 1994</subfield></datafield><datafield ind1=" " ind2=" " tag="260"><subfield code="a">Gardena, Calif. :</subfield><subfield code="b">G. Don Algie</subfield></datafield><datafield ind1=" " ind2=" " tag="300"><subfield code="a">v.</subfield></datafield><datafield ind1=" " ind2=" " tag="310"><subfield code="a">Weekly,</subfield><subfield code="b">Oct. 21, 1993-</subfield></datafield><datafield ind1=" " ind2=" " tag="321"><subfield code="a">Semiweekly,</subfield><subfield code="b">Jan. 13, 1988-Oct. 15, 1993</subfield></datafield><datafield ind1="0" ind2=" " tag="362"><subfield code="a">84th year, no. 3 (Jan. 13, 1988)-</subfield></datafield><datafield ind1=" " ind2=" " tag="500"><subfield code="a">"And Carson Chronicle" appears in small print below "Gardena Valley News," Oct. 21, 1993-Sept. 1, 1994.</subfield></datafield><datafield ind1=" " ind2=" " tag="588"><subfield code="a">Latest issue consulted: Sept. 22, 2005 (surrogate).</subfield></datafield><datafield ind1=" " ind2="0" tag="651"><subfield code="a">Gardena (Calif.)</subfield><subfield code="v">Newspapers.</subfield></datafield><datafield ind1=" " ind2="0" tag="651"><subfield code="a">Carson (Calif.)</subfield><subfield code="v">Newspapers.</subfield></datafield><datafield ind1=" " ind2="7" tag="655"><subfield code="a">Newspapers.</subfield><subfield code="2">fast</subfield><subfield code="0">(OCoLC)fst01423814</subfield></datafield><datafield ind1=" " ind2="7" tag="651"><subfield code="a">California</subfield><subfield code="z">Carson.</subfield><subfield code="2">fast</subfield><subfield code="0">(OCoLC)fst01218601</subfield></datafield><datafield ind1=" " ind2="7" tag="651"><subfield code="a">California</subfield><subfield code="z">Gardena.</subfield><subfield code="2">fast</subfield><subfield code="0">(OCoLC)fst01226002</subfield></datafield><datafield ind1=" " ind2=" " tag="752"><subfield code="a">United States</subfield><subfield code="b">California</subfield><subfield code="c">Los Angeles</subfield><subfield code="d">Gardena.</subfield></datafield><datafield ind1="0" ind2="0" tag="780"><subfield code="t">Gardena Valley news and Gardena tribune</subfield><subfield code="w">(DLC)sn 98061339</subfield></datafield></record>